<?xml version="1.0" encoding="UTF-8"?>
<!DOCTYPE html PUBLIC "-//W3C//DTD XHTML 1.0 Transitional//EN"
    "http://www.w3.org/TR/xhtml1/DTD/xhtml1-transitional.dtd">
<html xmlns="http://www.w3.org/1999/xhtml" xml:lang="en" lang="en">
 <head>
  <title>
</title>
<meta http-equiv="Content-Type" content="text/html;charset=utf-8" />
  <meta name='ocr-system' content='tesseract 3.04.00' />
  <meta name='ocr-capabilities' content='ocr_page ocr_carea ocr_par ocr_line ocrx_word'/>
</head>
<body>
  <div class='ocr_page' id='page_1' title='image "./historiaepiscop00puttgoog_0082.png"; bbox 0 0 1327 1704; ppageno 0'>
   <div class='ocr_carea' id='block_1_1' title="bbox 368 304 1139 1326">
    <p class='ocr_par' dir='ltr' id='par_1_1' title="bbox 377 304 1139 364">
     <span class='ocr_line' id='line_1_1' title="bbox 377 304 1139 331; baseline 0.001 -7"><span class='ocrx_word' id='word_1_1' title='bbox 377 305 453 325; x_wconf 84' lang='lat' dir='ltr'>vivendi</span> <span class='ocrx_word' id='word_1_2' title='bbox 461 304 552 324; x_wconf 85' lang='lat' dir='ltr'>rationem</span> <span class='ocrx_word' id='word_1_3' title='bbox 560 304 645 324; x_wconf 85' lang='lat' dir='ltr'>instituit!</span> <span class='ocrx_word' id='word_1_4' title='bbox 656 305 715 329; x_wconf 84' lang='lat' dir='ltr'>Quam</span> <span class='ocrx_word' id='word_1_5' title='bbox 727 304 809 325; x_wconf 69' lang='lat' dir='ltr'>suaviter</span> <span class='ocrx_word' id='word_1_6' title='bbox 821 311 843 325; x_wconf 90' lang='lat' dir='ltr'>ac</span> <span class='ocrx_word' id='word_1_7' title='bbox 850 305 930 331; x_wconf 87' lang='lat' dir='ltr'>tempori</span> <span class='ocrx_word' id='word_1_8' title='bbox 941 305 1073 325; x_wconf 83' lang='lat' dir='ltr'>convenienter</span> <span class='ocrx_word' id='word_1_9' title='bbox 1083 305 1139 325; x_wconf 83' lang='lat' dir='ltr'>variis</span> 
     </span>
     <span class='ocr_line' id='line_1_2' title="bbox 377 337 1085 364; baseline 0.001 -8"><span class='ocrx_word' id='word_1_10' title='bbox 377 337 496 357; x_wconf 74' lang='lat' dir='ltr'>concionibus</span> <span class='ocrx_word' id='word_1_11' title='bbox 508 337 532 356; x_wconf 88' lang='lat' dir='ltr'>ad</span> <span class='ocrx_word' id='word_1_12' title='bbox 544 337 632 363; x_wconf 69' lang='lat' dir='ltr'>pietatem</span> <span class='ocrx_word' id='word_1_13' title='bbox 643 337 723 363; x_wconf 81' lang='lat' dir='ltr'>vitaeque</span> <span class='ocrx_word' id='word_1_14' title='bbox 735 337 874 357; x_wconf 77' lang='lat' dir='ltr'>sanctimoniam</span> <span class='ocrx_word' id='word_1_15' title='bbox 887 338 976 364; x_wconf 85' lang='lat' dir='ltr'>populum</span> <span class='ocrx_word' id='word_1_16' title='bbox 989 338 1085 357; x_wconf 81' lang='lat' dir='ltr'>excitavit!</span> 
     </span>
    </p>

    <p class='ocr_par' dir='ltr' id='par_1_2' title="bbox 376 368 1138 623">
     <span class='ocr_line' id='line_1_3' title="bbox 401 368 1138 395; baseline 0.001 -7"><span class='ocrx_word' id='word_1_17' title='bbox 401 369 426 388; x_wconf 77' lang='lat' dir='ltr'>At</span> <span class='ocrx_word' id='word_1_18' title='bbox 438 369 479 394; x_wconf 85' lang='lat' dir='ltr'>quis</span> <span class='ocrx_word' id='word_1_19' title='bbox 489 371 517 388; x_wconf 79' lang='lat' dir='ltr'>est</span> <span class='ocrx_word' id='word_1_20' title='bbox 527 369 559 394; x_wconf 86' lang='lat' dir='ltr'>qui</span> <span class='ocrx_word' id='word_1_21' title='bbox 571 375 610 388; x_wconf 92' lang='lat' dir='ltr'>non</span> <span class='ocrx_word' id='word_1_22' title='bbox 622 368 661 388; x_wconf 76' lang='lat' dir='ltr'>baec</span> <span class='ocrx_word' id='word_1_23' title='bbox 674 368 694 388; x_wconf 85' lang='lat' dir='ltr'>in</span> <span class='ocrx_word' id='word_1_24' title='bbox 707 369 728 388; x_wconf 73' lang='lat' dir='ltr'>T*</span> <span class='ocrx_word' id='word_1_25' title='bbox 738 369 758 388; x_wconf 87' lang='lat' dir='ltr'>C·</span> <span class='ocrx_word' id='word_1_26' title='bbox 771 372 791 388; x_wconf 86' lang='lat' dir='ltr'>ut</span> <span class='ocrx_word' id='word_1_27' title='bbox 803 369 882 389; x_wconf 82' lang='lat' dir='ltr'>maxima</span> <span class='ocrx_word' id='word_1_28' title='bbox 895 370 990 395; x_wconf 79' lang='lat' dir='ltr'>suspiciat!</span> <span class='ocrx_word' id='word_1_29' title='bbox 1004 370 1074 389; x_wconf 85' lang='lat' dir='ltr'>Omitto</span> <span class='ocrx_word' id='word_1_30' title='bbox 1089 369 1138 395; x_wconf 85' lang='lat' dir='ltr'>quod</span> 
     </span>
     <span class='ocr_line' id='line_1_4' title="bbox 377 401 1138 427; baseline 0.001 -7"><span class='ocrx_word' id='word_1_31' title='bbox 377 401 427 421; x_wconf 80' lang='lat' dir='ltr'>solus</span> <span class='ocrx_word' id='word_1_32' title='bbox 443 401 482 420; x_wconf 76' lang='lat' dir='ltr'>fere</span> <span class='ocrx_word' id='word_1_33' title='bbox 499 401 628 427; x_wconf 83' lang='lat' dir='ltr'>episcoporum</span> <span class='ocrx_word' id='word_1_34' title='bbox 640 404 701 420; x_wconf 86' lang='lat' dir='ltr'>tecum</span> <span class='ocrx_word' id='word_1_35' title='bbox 718 402 850 421; x_wconf 81' lang='lat' dir='ltr'>monasterium</span> <span class='ocrx_word' id='word_1_36' title='bbox 867 401 976 421; x_wconf 81' lang='lat' dir='ltr'>clericorum</span> <span class='ocrx_word' id='word_1_37' title='bbox 993 402 1070 426; x_wconf 76' lang='lat' dir='ltr'>babeas,</span> <span class='ocrx_word' id='word_1_38' title='bbox 1088 401 1138 427; x_wconf 87' lang='lat' dir='ltr'>quod</span> 
     </span>
     <span class='ocr_line' id='line_1_5' title="bbox 377 433 1138 460; baseline -0.001 -7"><span class='ocrx_word' id='word_1_39' title='bbox 377 436 396 453; x_wconf 81' lang='lat' dir='ltr'>et</span> <span class='ocrx_word' id='word_1_40' title='bbox 404 436 467 453; x_wconf 71' lang='lat' dir='ltr'>noster</span> <span class='ocrx_word' id='word_1_41' title='bbox 479 434 498 453; x_wconf 87' lang='lat' dir='ltr'>S.</span> <span class='ocrx_word' id='word_1_42' title='bbox 508 434 563 453; x_wconf 75' lang='lat' dir='ltr'>Pater</span> <span class='ocrx_word' id='word_1_43' title='bbox 571 434 685 459; x_wconf 74' lang='lat' dir='ltr'>Augustinus</span> <span class='ocrx_word' id='word_1_44' title='bbox 695 434 719 453; x_wconf 90' lang='lat' dir='ltr'>de</span> <span class='ocrx_word' id='word_1_45' title='bbox 732 440 751 453; x_wconf 82' lang='lat' dir='ltr'>se</span> <span class='ocrx_word' id='word_1_46' title='bbox 760 434 827 453; x_wconf 75' lang='lat' dir='ltr'>fatetur</span> <span class='ocrx_word' id='word_1_47' title='bbox 838 434 857 453; x_wconf 91' lang='lat' dir='ltr'>in</span> <span class='ocrx_word' id='word_1_48' title='bbox 866 434 1011 460; x_wconf 69' lang='lat' dir='ltr'>praeclarissimis</span> <span class='ocrx_word' id='word_1_49' title='bbox 1021 434 1055 453; x_wconf 90' lang='lat' dir='ltr'>illis</span> <span class='ocrx_word' id='word_1_50' title='bbox 1066 433 1138 453; x_wconf 86' lang='lat' dir='ltr'>duobus</span> 
     </span>
     <span class='ocr_line' id='line_1_6' title="bbox 378 465 1138 492; baseline -0.001 -7"><span class='ocrx_word' id='word_1_51' title='bbox 378 466 494 486; x_wconf 81' lang='lat' dir='ltr'>sermonibus</span> <span class='ocrx_word' id='word_1_52' title='bbox 511 473 557 492; x_wconf 89' lang='lat' dir='ltr'>quos</span> <span class='ocrx_word' id='word_1_53' title='bbox 575 466 599 485; x_wconf 84' lang='lat' dir='ltr'>de</span> <span class='ocrx_word' id='word_1_54' title='bbox 615 466 708 485; x_wconf 83' lang='lat' dir='ltr'>communi</span> <span class='ocrx_word' id='word_1_55' title='bbox 726 467 764 486; x_wconf 59' lang='lat' dir='ltr'>vita</span> <span class='ocrx_word' id='word_1_56' title='bbox 783 473 859 485; x_wconf 81' lang='lat' dir='ltr'>suorum</span> <span class='ocrx_word' id='word_1_57' title='bbox 878 466 988 486; x_wconf 84' lang='lat' dir='ltr'>clericorum</span> <span class='ocrx_word' id='word_1_58' title='bbox 1006 466 1030 485; x_wconf 80' lang='lat' dir='ltr'>ad</span> <span class='ocrx_word' id='word_1_59' title='bbox 1049 465 1138 491; x_wconf 83' lang='lat' dir='ltr'>populum</span> 
     </span>
     <span class='ocr_line' id='line_1_7' title="bbox 378 498 1137 525; baseline -0.001 -7"><span class='ocrx_word' id='word_1_60' title='bbox 378 498 518 524; x_wconf 80' lang='lat' dir='ltr'>hypponenscm</span> <span class='ocrx_word' id='word_1_61' title='bbox 531 498 601 518; x_wconf 84' lang='lat' dir='ltr'>habuit.</span> <span class='ocrx_word' id='word_1_62' title='bbox 611 499 695 524; x_wconf 82' lang='lat' dir='ltr'>Accipias</span> <span class='ocrx_word' id='word_1_63' title='bbox 704 499 765 524; x_wconf 62' lang='lat' dir='ltr'>itiaque</span> <span class='ocrx_word' id='word_1_64' title='bbox 777 499 874 525; x_wconf 78' lang='lat' dir='ltr'>episcopus</span> <span class='ocrx_word' id='word_1_65' title='bbox 887 499 1002 524; x_wconf 78' lang='lat' dir='ltr'>episoopum,</span> <span class='ocrx_word' id='word_1_66' title='bbox 1015 498 1137 524; x_wconf 80' lang='lat' dir='ltr'>Augustinum</span> 
     </span>
     <span class='ocr_line' id='line_1_8' title="bbox 377 530 1137 557; baseline -0.001 -7"><span class='ocrx_word' id='word_1_67' title='bbox 377 531 509 556; x_wconf 74' lang='lat' dir='ltr'>augustinianae</span> <span class='ocrx_word' id='word_1_68' title='bbox 527 531 569 550; x_wconf 82' lang='lat' dir='ltr'>vitae</span> <span class='ocrx_word' id='word_1_69' title='bbox 586 531 625 556; x_wconf 82' lang='lat' dir='ltr'>ipse</span> <span class='ocrx_word' id='word_1_70' title='bbox 641 537 679 550; x_wconf 88' lang='lat' dir='ltr'>non</span> <span class='ocrx_word' id='word_1_71' title='bbox 694 531 755 550; x_wconf 79' lang='lat' dir='ltr'>minus</span> <span class='ocrx_word' id='word_1_72' title='bbox 772 531 873 550; x_wconf 74' lang='lat' dir='ltr'>admirator</span> <span class='ocrx_word' id='word_1_73' title='bbox 893 532 948 557; x_wconf 69' lang='lat' dir='ltr'>quam</span> <span class='ocrx_word' id='word_1_74' title='bbox 968 531 1049 550; x_wconf 85' lang='lat' dir='ltr'>imitator</span> <span class='ocrx_word' id='word_1_75' title='bbox 1068 533 1087 550; x_wconf 90' lang='lat' dir='ltr'>et</span> <span class='ocrx_word' id='word_1_76' title='bbox 1103 530 1137 549; x_wconf 86' lang='lat' dir='ltr'>hos</span> 
     </span>
     <span class='ocr_line' id='line_1_9' title="bbox 376 563 1136 590; baseline 0 -8"><span class='ocrx_word' id='word_1_77' title='bbox 376 569 471 582; x_wconf 81' lang='lat' dir='ltr'>sermones</span> <span class='ocrx_word' id='word_1_78' title='bbox 487 564 523 583; x_wconf 88' lang='lat' dir='ltr'>tuis</span> <span class='ocrx_word' id='word_1_79' title='bbox 540 563 671 583; x_wconf 80' lang='lat' dir='ltr'>commendare</span> <span class='ocrx_word' id='word_1_80' title='bbox 689 570 713 583; x_wconf 85' lang='lat' dir='ltr'>ne</span> <span class='ocrx_word' id='word_1_81' title='bbox 730 564 824 589; x_wconf 76' lang='lat' dir='ltr'>graveris,</span> <span class='ocrx_word' id='word_1_82' title='bbox 842 567 862 583; x_wconf 88' lang='lat' dir='ltr'>ut</span> <span class='ocrx_word' id='word_1_83' title='bbox 878 564 955 590; x_wconf 69' lang='lat' dir='ltr'>posthac</span> <span class='ocrx_word' id='word_1_84' title='bbox 971 565 982 583; x_wconf 75' lang='lat' dir='ltr'>a</span> <span class='ocrx_word' id='word_1_85' title='bbox 998 563 1136 589; x_wconf 74' lang='lat' dir='ltr'>frigidioribus,</span> 
     </span>
     <span class='ocr_line' id='line_1_10' title="bbox 377 596 1086 623; baseline -0.001 -8"><span class='ocrx_word' id='word_1_86' title='bbox 377 596 461 622; x_wconf 83' lang='lat' dir='ltr'>lectuque</span> <span class='ocrx_word' id='word_1_87' title='bbox 476 596 619 622; x_wconf 68' lang='lat' dir='ltr'>indignioribus,</span> <span class='ocrx_word' id='word_1_88' title='bbox 635 596 775 622; x_wconf 77' lang='lat' dir='ltr'>utilioribusque</span> <span class='ocrx_word' id='word_1_89' title='bbox 790 596 851 616; x_wconf 88' lang='lat' dir='ltr'>oleum</span> <span class='ocrx_word' id='word_1_90' title='bbox 864 603 977 623; x_wconf 78' lang='lat' dir='ltr'>operamque</span> <span class='ocrx_word' id='word_1_91' title='bbox 990 596 1086 616; x_wconf 82' lang='lat' dir='ltr'>collocare.</span> 
     </span>
    </p>

    <p class='ocr_par' dir='ltr' id='par_1_3' title="bbox 374 627 1137 807">
     <span class='ocr_line' id='line_1_11' title="bbox 400 627 1137 654; baseline -0.001 -7"><span class='ocrx_word' id='word_1_92' title='bbox 400 628 513 654; x_wconf 78' lang='lat' dir='ltr'>Margareta,</span> <span class='ocrx_word' id='word_1_93' title='bbox 528 628 650 654; x_wconf 68' lang='lat' dir='ltr'>gubernatrix</span> <span class='ocrx_word' id='word_1_94' title='bbox 664 631 737 651; x_wconf 75' lang='lat' dir='ltr'>nostra,</span> <span class='ocrx_word' id='word_1_95' title='bbox 754 627 852 647; x_wconf 78' lang='lat' dir='ltr'>advertens</span> <span class='ocrx_word' id='word_1_96' title='bbox 867 628 954 647; x_wconf 83' lang='lat' dir='ltr'>malitiam</span> <span class='ocrx_word' id='word_1_97' title='bbox 968 627 1090 653; x_wconf 73' lang='lat' dir='ltr'>grassantium</span> <span class='ocrx_word' id='word_1_98' title='bbox 1103 633 1137 652; x_wconf 85' lang='lat' dir='ltr'>per</span> 
     </span>
     <span class='ocr_line' id='line_1_12' title="bbox 376 659 1135 685; baseline -0.001 -7"><span class='ocrx_word' id='word_1_99' title='bbox 376 665 430 685; x_wconf 79' lang='lat' dir='ltr'>agros</span> <span class='ocrx_word' id='word_1_100' title='bbox 439 662 458 678; x_wconf 85' lang='lat' dir='ltr'>et</span> <span class='ocrx_word' id='word_1_101' title='bbox 470 659 509 679; x_wconf 81' lang='lat' dir='ltr'>vias</span> <span class='ocrx_word' id='word_1_102' title='bbox 518 659 621 683; x_wconf 81' lang='lat' dir='ltr'>latronum,</span> <span class='ocrx_word' id='word_1_103' title='bbox 635 660 730 679; x_wconf 79' lang='lat' dir='ltr'>audaciam</span> <span class='ocrx_word' id='word_1_104' title='bbox 742 660 871 680; x_wconf 78' lang='lat' dir='ltr'>haereticorum</span> <span class='ocrx_word' id='word_1_105' title='bbox 884 661 910 679; x_wconf 87' lang='lat' dir='ltr'>ita</span> <span class='ocrx_word' id='word_1_106' title='bbox 921 663 942 679; x_wconf 95' lang='lat' dir='ltr'>ut</span> <span class='ocrx_word' id='word_1_107' title='bbox 950 660 1005 679; x_wconf 84' lang='lat' dir='ltr'>etiam</span> <span class='ocrx_word' id='word_1_108' title='bbox 1019 659 1078 685; x_wconf 81' lang='lat' dir='ltr'>palam</span> <span class='ocrx_word' id='word_1_109' title='bbox 1089 662 1108 678; x_wconf 84' lang='lat' dir='ltr'>et</span> <span class='ocrx_word' id='word_1_110' title='bbox 1117 659 1135 677; x_wconf 93' lang='lat' dir='ltr'>in</span> 
     </span>
     <span class='ocr_line' id='line_1_13' title="bbox 375 689 1136 718; baseline -0.005 -7"><span class='ocrx_word' id='word_1_111' title='bbox 375 691 453 711; x_wconf 84' lang='lat' dir='ltr'>urbibus</span> <span class='ocrx_word' id='word_1_112' title='bbox 462 692 571 717; x_wconf 72' lang='lat' dir='ltr'>impeterent</span> <span class='ocrx_word' id='word_1_113' title='bbox 583 691 675 718; x_wconf 80' lang='lat' dir='ltr'>lapidibus</span> <span class='ocrx_word' id='word_1_114' title='bbox 687 695 791 715; x_wconf 76' lang='lat' dir='ltr'>senatores,</span> <span class='ocrx_word' id='word_1_115' title='bbox 801 691 825 710; x_wconf 90' lang='lat' dir='ltr'>ob</span> <span class='ocrx_word' id='word_1_116' title='bbox 833 691 929 710; x_wconf 80' lang='lat' dir='ltr'>dissidium</span> <span class='ocrx_word' id='word_1_117' title='bbox 938 691 1043 717; x_wconf 89' lang='lat' dir='ltr'>primatium</span> <span class='ocrx_word' id='word_1_118' title='bbox 1051 689 1136 714; x_wconf 82' lang='lat' dir='ltr'>(consilio</span> 
     </span>
     <span class='ocr_line' id='line_1_14' title="bbox 374 723 1137 749; baseline -0.001 -7"><span class='ocrx_word' id='word_1_119' title='bbox 374 724 465 748; x_wconf 76' lang='lat' dir='ltr'>statuum)</span> <span class='ocrx_word' id='word_1_120' title='bbox 477 723 537 749; x_wconf 80' lang='lat' dir='ltr'>signat</span> <span class='ocrx_word' id='word_1_121' title='bbox 549 723 596 742; x_wconf 86' lang='lat' dir='ltr'>mitti</span> <span class='ocrx_word' id='word_1_122' title='bbox 609 726 696 749; x_wconf 75' lang='lat' dir='ltr'>oportere</span> <span class='ocrx_word' id='word_1_123' title='bbox 707 724 777 749; x_wconf 83' lang='lat' dir='ltr'>aliquos</span> <span class='ocrx_word' id='word_1_124' title='bbox 790 730 832 743; x_wconf 79' lang='lat' dir='ltr'>cum</span> <span class='ocrx_word' id='word_1_125' title='bbox 845 727 934 749; x_wconf 78' lang='lat' dir='ltr'>potestate</span> <span class='ocrx_word' id='word_1_126' title='bbox 947 723 1028 749; x_wconf 79' lang='lat' dir='ltr'>publica,</span> <span class='ocrx_word' id='word_1_127' title='bbox 1043 723 1074 749; x_wconf 89' lang='lat' dir='ltr'>qui</span> <span class='ocrx_word' id='word_1_128' title='bbox 1087 729 1137 748; x_wconf 74' lang='lat' dir='ltr'>prae-</span> 
     </span>
     <span class='ocr_line' id='line_1_15' title="bbox 374 754 1135 782; baseline -0.004 -7"><span class='ocrx_word' id='word_1_129' title='bbox 374 755 433 775; x_wconf 82' lang='lat' dir='ltr'>dictos</span> <span class='ocrx_word' id='word_1_130' title='bbox 445 758 579 781; x_wconf 72' lang='lat' dir='ltr'>compesceret,</span> <span class='ocrx_word' id='word_1_131' title='bbox 592 762 650 775; x_wconf 90' lang='lat' dir='ltr'>unum</span> <span class='ocrx_word' id='word_1_132' title='bbox 663 757 720 782; x_wconf 79' lang='lat' dir='ltr'>porro</span> <span class='ocrx_word' id='word_1_133' title='bbox 732 756 756 775; x_wconf 81' lang='lat' dir='ltr'>ad</span> <span class='ocrx_word' id='word_1_134' title='bbox 769 762 842 781; x_wconf 81' lang='lat' dir='ltr'>regem,</span> <span class='ocrx_word' id='word_1_135' title='bbox 854 755 885 781; x_wconf 88' lang='lat' dir='ltr'>qui</span> <span class='ocrx_word' id='word_1_136' title='bbox 898 755 938 774; x_wconf 85' lang='lat' dir='ltr'>illos</span> <span class='ocrx_word' id='word_1_137' title='bbox 947 754 1017 780; x_wconf 83' lang='lat' dir='ltr'>sopiret</span> <span class='ocrx_word' id='word_1_138' title='bbox 1024 757 1079 779; x_wconf 86' lang='lat' dir='ltr'>atque</span> <span class='ocrx_word' id='word_1_139' title='bbox 1089 759 1135 772; x_wconf 85' lang='lat' dir='ltr'>con-</span> 
     </span>
     <span class='ocr_line' id='line_1_16' title="bbox 374 787 546 807; baseline 0 -1"><span class='ocrx_word' id='word_1_140' title='bbox 374 787 440 807; x_wconf 83' lang='lat' dir='ltr'>cordes</span> <span class='ocrx_word' id='word_1_141' title='bbox 453 787 546 806; x_wconf 83' lang='lat' dir='ltr'>redderet.</span> 
     </span>
    </p>

    <p class='ocr_par' dir='ltr' id='par_1_4' title="bbox 372 819 1135 1006">
     <span class='ocr_line' id='line_1_17' title="bbox 398 819 1134 846; baseline 0 -8"><span class='ocrx_word' id='word_1_142' title='bbox 398 820 422 839; x_wconf 79' lang='lat' dir='ltr'>At</span> <span class='ocrx_word' id='word_1_143' title='bbox 430 819 522 845; x_wconf 77' lang='lat' dir='ltr'>Orangius</span> <span class='ocrx_word' id='word_1_144' title='bbox 530 819 594 839; x_wconf 81' lang='lat' dir='ltr'>audaci</span> <span class='ocrx_word' id='word_1_145' title='bbox 602 819 654 839; x_wconf 83' lang='lat' dir='ltr'>vultu</span> <span class='ocrx_word' id='word_1_146' title='bbox 667 823 686 839; x_wconf 86' lang='lat' dir='ltr'>et</span> <span class='ocrx_word' id='word_1_147' title='bbox 698 826 731 839; x_wconf 86' lang='lat' dir='ltr'>ore</span> <span class='ocrx_word' id='word_1_148' title='bbox 739 826 794 840; x_wconf 82' lang='lat' dir='ltr'>ausus</span> <span class='ocrx_word' id='word_1_149' title='bbox 803 823 831 840; x_wconf 87' lang='lat' dir='ltr'>est</span> <span class='ocrx_word' id='word_1_150' title='bbox 839 820 901 840; x_wconf 83' lang='lat' dir='ltr'>dicere</span> <span class='ocrx_word' id='word_1_151' title='bbox 909 826 983 839; x_wconf 89' lang='lat' dir='ltr'>omnem</span> <span class='ocrx_word' id='word_1_152' title='bbox 994 819 1056 846; x_wconf 90' lang='lat' dir='ltr'>populi</span> <span class='ocrx_word' id='word_1_153' title='bbox 1065 819 1134 838; x_wconf 87' lang='lat' dir='ltr'>tumul—</span> 
     </span>
     <span class='ocr_line' id='line_1_18' title="bbox 373 851 1135 878; baseline 0 -8"><span class='ocrx_word' id='word_1_154' title='bbox 373 851 442 870; x_wconf 83' lang='lat' dir='ltr'>tuantis</span> <span class='ocrx_word' id='word_1_155' title='bbox 450 857 523 870; x_wconf 82' lang='lat' dir='ltr'>oausam</span> <span class='ocrx_word' id='word_1_156' title='bbox 530 857 570 870; x_wconf 83' lang='lat' dir='ltr'>esse</span> <span class='ocrx_word' id='word_1_157' title='bbox 578 851 659 877; x_wconf 82' lang='lat' dir='ltr'>rigorem</span> <span class='ocrx_word' id='word_1_158' title='bbox 666 852 777 877; x_wconf 77' lang='lat' dir='ltr'>edictorum,</span> <span class='ocrx_word' id='word_1_159' title='bbox 787 859 846 872; x_wconf 84' lang='lat' dir='ltr'>novos</span> <span class='ocrx_word' id='word_1_160' title='bbox 854 852 978 878; x_wconf 71' lang='lat' dir='ltr'>episcopatus,</span> <span class='ocrx_word' id='word_1_161' title='bbox 987 852 1083 871; x_wconf 88' lang='lat' dir='ltr'>concilium</span> <span class='ocrx_word' id='word_1_162' title='bbox 1093 851 1135 870; x_wconf 88' lang='lat' dir='ltr'>Tri-</span> 
     </span>
     <span class='ocr_line' id='line_1_19' title="bbox 372 883 1134 910; baseline -0.003 -7"><span class='ocrx_word' id='word_1_163' title='bbox 372 884 469 903; x_wconf 83' lang='lat' dir='ltr'>dentinum</span> <span class='ocrx_word' id='word_1_164' title='bbox 474 886 493 903; x_wconf 90' lang='lat' dir='ltr'>et</span> <span class='ocrx_word' id='word_1_165' title='bbox 497 884 576 902; x_wconf 73' lang='lat' dir='ltr'>maxime</span> <span class='ocrx_word' id='word_1_166' title='bbox 579 884 695 909; x_wconf 78' lang='lat' dir='ltr'>tyrannicam</span> <span class='ocrx_word' id='word_1_167' title='bbox 700 885 728 909; x_wconf 89' lang='lat' dir='ltr'>(ut</span> <span class='ocrx_word' id='word_1_168' title='bbox 732 884 817 909; x_wconf 83' lang='lat' dir='ltr'>vocabat)</span> <span class='ocrx_word' id='word_1_169' title='bbox 822 884 965 910; x_wconf 83' lang='lat' dir='ltr'>inquisitionem,</span> <span class='ocrx_word' id='word_1_170' title='bbox 971 890 1026 909; x_wconf 84' lang='lat' dir='ltr'>quam</span> <span class='ocrx_word' id='word_1_171' title='bbox 1032 890 1055 902; x_wconf 89' lang='lat' dir='ltr'>nc</span> <span class='ocrx_word' id='word_1_172' title='bbox 1060 883 1134 908; x_wconf 86' lang='lat' dir='ltr'>quidem</span> 
     </span>
     <span class='ocr_line' id='line_1_20' title="bbox 372 915 1134 941; baseline -0.003 -6"><span class='ocrx_word' id='word_1_173' title='bbox 372 916 445 936; x_wconf 84' lang='lat' dir='ltr'>romani</span> <span class='ocrx_word' id='word_1_174' title='bbox 459 916 499 935; x_wconf 82' lang='lat' dir='ltr'>sine</span> <span class='ocrx_word' id='word_1_175' title='bbox 511 916 656 935; x_wconf 74' lang='lat' dir='ltr'>contradictione</span> <span class='ocrx_word' id='word_1_176' title='bbox 668 916 791 939; x_wconf 77' lang='lat' dir='ltr'>admiserant,</span> <span class='ocrx_word' id='word_1_177' title='bbox 804 919 859 941; x_wconf 80' lang='lat' dir='ltr'>atque</span> <span class='ocrx_word' id='word_1_178' title='bbox 874 916 921 935; x_wconf 69' lang='lat' dir='ltr'>adeo</span> <span class='ocrx_word' id='word_1_179' title='bbox 933 922 971 935; x_wconf 90' lang='lat' dir='ltr'>non</span> <span class='ocrx_word' id='word_1_180' title='bbox 986 922 1025 935; x_wconf 83' lang='lat' dir='ltr'>esse</span> <span class='ocrx_word' id='word_1_181' title='bbox 1040 915 1134 941; x_wconf 74' lang='lat' dir='ltr'>potestatis</span> 
     </span>
     <span class='ocr_line' id='line_1_21' title="bbox 374 947 1134 974; baseline -0.001 -7"><span class='ocrx_word' id='word_1_182' title='bbox 374 948 430 974; x_wconf 79' lang='lat' dir='ltr'>regiae</span> <span class='ocrx_word' id='word_1_183' title='bbox 442 948 521 973; x_wconf 79' lang='lat' dir='ltr'>aliquem</span> <span class='ocrx_word' id='word_1_184' title='bbox 533 947 558 966; x_wconf 89' lang='lat' dir='ltr'>ad</span> <span class='ocrx_word' id='word_1_185' title='bbox 571 947 688 973; x_wconf 66' lang='lat' dir='ltr'>religionem,</span> <span class='ocrx_word' id='word_1_186' title='bbox 703 948 733 967; x_wconf 87' lang='lat' dir='ltr'>vel</span> <span class='ocrx_word' id='word_1_187' title='bbox 746 948 802 967; x_wconf 82' lang='lat' dir='ltr'>fidem</span> <span class='ocrx_word' id='word_1_188' title='bbox 817 954 890 973; x_wconf 70' lang='lat' dir='ltr'>cogere.</span> <span class='ocrx_word' id='word_1_189' title='bbox 906 948 942 967; x_wconf 84' lang='lat' dir='ltr'>Per</span> <span class='ocrx_word' id='word_1_190' title='bbox 957 948 1063 973; x_wconf 80' lang='lat' dir='ltr'>Hopperum</span> <span class='ocrx_word' id='word_1_191' title='bbox 1079 947 1134 972; x_wconf 75' lang='lat' dir='ltr'>igitur</span> 
     </span>
     <span class='ocr_line' id='line_1_22' title="bbox 373 980 867 1006; baseline 0 -7"><span class='ocrx_word' id='word_1_192' title='bbox 373 980 477 1006; x_wconf 84' lang='lat' dir='ltr'>hujusmodi</span> <span class='ocrx_word' id='word_1_193' title='bbox 490 980 555 999; x_wconf 81' lang='lat' dir='ltr'>littcrae</span> <span class='ocrx_word' id='word_1_194' title='bbox 567 980 592 999; x_wconf 87' lang='lat' dir='ltr'>ad</span> <span class='ocrx_word' id='word_1_195' title='bbox 604 986 667 1006; x_wconf 86' lang='lat' dir='ltr'>regem</span> <span class='ocrx_word' id='word_1_196' title='bbox 680 980 775 999; x_wconf 69' lang='lat' dir='ltr'>destinatae</span> <span class='ocrx_word' id='word_1_197' title='bbox 787 980 867 999; x_wconf 73' lang='lat' dir='ltr'>filerunt.</span> 
     </span>
    </p>

    <p class='ocr_par' dir='ltr' id='par_1_5' title="bbox 372 1011 1134 1127">
     <span class='ocr_line' id='line_1_23' title="bbox 397 1011 1134 1037; baseline 0 -7"><span class='ocrx_word' id='word_1_198' title='bbox 397 1011 482 1037; x_wconf 79' lang='lat' dir='ltr'>Acceptis</span> <span class='ocrx_word' id='word_1_199' title='bbox 498 1011 555 1037; x_wconf 76' lang='lat' dir='ltr'>igitur</span> <span class='ocrx_word' id='word_1_200' title='bbox 571 1011 636 1031; x_wconf 78' lang='lat' dir='ltr'>litteris</span> <span class='ocrx_word' id='word_1_201' title='bbox 652 1018 714 1031; x_wconf 83' lang='lat' dir='ltr'>comes</span> <span class='ocrx_word' id='word_1_202' title='bbox 731 1012 861 1037; x_wconf 75' lang='lat' dir='ltr'>Egmoudanus</span> <span class='ocrx_word' id='word_1_203' title='bbox 878 1012 897 1031; x_wconf 90' lang='lat' dir='ltr'>in</span> <span class='ocrx_word' id='word_1_204' title='bbox 918 1012 1023 1037; x_wconf 84' lang='lat' dir='ltr'>Hispaniam</span> <span class='ocrx_word' id='word_1_205' title='bbox 1040 1011 1134 1030; x_wconf 76' lang='lat' dir='ltr'>contendit</span> 
     </span>
     <span class='ocr_line' id='line_1_24' title="bbox 372 1043 1132 1069; baseline -0.001 -6"><span class='ocrx_word' id='word_1_206' title='bbox 372 1043 476 1069; x_wconf 86' lang='lat' dir='ltr'>hujusmodi</span> <span class='ocrx_word' id='word_1_207' title='bbox 487 1043 611 1069; x_wconf 71' lang='lat' dir='ltr'>quaerimoniis</span> <span class='ocrx_word' id='word_1_208' title='bbox 623 1043 672 1062; x_wconf 71' lang='lat' dir='ltr'>bene</span> <span class='ocrx_word' id='word_1_209' title='bbox 684 1046 771 1063; x_wconf 88' lang='lat' dir='ltr'>oneratus</span> <span class='ocrx_word' id='word_1_210' title='bbox 784 1044 849 1063; x_wconf 79' lang='lat' dir='ltr'>contra</span> <span class='ocrx_word' id='word_1_211' title='bbox 860 1043 1002 1062; x_wconf 81' lang='lat' dir='ltr'>illustrissimum</span> <span class='ocrx_word' id='word_1_212' title='bbox 1012 1043 1132 1066; x_wconf 81' lang='lat' dir='ltr'>cardinalem,</span> 
     </span>
     <span class='ocr_line' id='line_1_25' title="bbox 372 1075 1133 1102; baseline 0 -7"><span class='ocrx_word' id='word_1_213' title='bbox 372 1082 427 1102; x_wconf 81' lang='lat' dir='ltr'>quem</span> <span class='ocrx_word' id='word_1_214' title='bbox 436 1075 506 1095; x_wconf 80' lang='lat' dir='ltr'>dudum</span> <span class='ocrx_word' id='word_1_215' title='bbox 518 1082 564 1095; x_wconf 82' lang='lat' dir='ltr'>cane</span> <span class='ocrx_word' id='word_1_216' title='bbox 575 1076 627 1101; x_wconf 77' lang='lat' dir='ltr'>pejus</span> <span class='ocrx_word' id='word_1_217' title='bbox 635 1079 654 1095; x_wconf 83' lang='lat' dir='ltr'>ct</span> <span class='ocrx_word' id='word_1_218' title='bbox 665 1082 725 1102; x_wconf 81' lang='lat' dir='ltr'>angue</span> <span class='ocrx_word' id='word_1_219' title='bbox 734 1076 821 1099; x_wconf 85' lang='lat' dir='ltr'>oderant,</span> <span class='ocrx_word' id='word_1_220' title='bbox 833 1083 855 1095; x_wconf 84' lang='lat' dir='ltr'>ac</span> <span class='ocrx_word' id='word_1_221' title='bbox 863 1076 945 1096; x_wconf 81' lang='lat' dir='ltr'>ridiculis</span> <span class='ocrx_word' id='word_1_222' title='bbox 956 1076 1048 1095; x_wconf 85' lang='lat' dir='ltr'>fatuorum</span> <span class='ocrx_word' id='word_1_223' title='bbox 1056 1076 1133 1101; x_wconf 87' lang='lat' dir='ltr'>caputiis</span> 
     </span>
     <span class='ocr_line' id='line_1_26' title="bbox 372 1107 722 1127; baseline 0.003 -1"><span class='ocrx_word' id='word_1_224' title='bbox 372 1108 391 1127; x_wconf 92' lang='lat' dir='ltr'>in</span> <span class='ocrx_word' id='word_1_225' title='bbox 403 1107 485 1127; x_wconf 82' lang='lat' dir='ltr'>vestibus</span> <span class='ocrx_word' id='word_1_226' title='bbox 497 1107 607 1127; x_wconf 75' lang='lat' dir='ltr'>famulorum</span> <span class='ocrx_word' id='word_1_227' title='bbox 619 1108 722 1127; x_wconf 80' lang='lat' dir='ltr'>irriserant.</span> 
     </span>
    </p>

    <p class='ocr_par' dir='ltr' id='par_1_6' title="bbox 368 1139 1133 1326">
     <span class='ocr_line' id='line_1_27' title="bbox 396 1139 1131 1166; baseline 0.001 -8"><span class='ocrx_word' id='word_1_228' title='bbox 396 1139 487 1158; x_wconf 74' lang='lat' dir='ltr'>Coeterum</span> <span class='ocrx_word' id='word_1_229' title='bbox 495 1139 615 1165; x_wconf 81' lang='lat' dir='ltr'>gubernatrix</span> <span class='ocrx_word' id='word_1_230' title='bbox 624 1146 646 1158; x_wconf 85' lang='lat' dir='ltr'>ex</span> <span class='ocrx_word' id='word_1_231' title='bbox 654 1140 706 1165; x_wconf 79' lang='lat' dir='ltr'>jussu</span> <span class='ocrx_word' id='word_1_232' title='bbox 712 1140 761 1166; x_wconf 78' lang='lat' dir='ltr'>regis</span> <span class='ocrx_word' id='word_1_233' title='bbox 766 1140 804 1165; x_wconf 80' lang='lat' dir='ltr'>jam</span> <span class='ocrx_word' id='word_1_234' title='bbox 813 1147 863 1159; x_wconf 87' lang='lat' dir='ltr'>nunc</span> <span class='ocrx_word' id='word_1_235' title='bbox 870 1140 972 1166; x_wconf 68' lang='lat' dir='ltr'>paululflm,</span> <span class='ocrx_word' id='word_1_236' title='bbox 983 1143 1003 1159; x_wconf 85' lang='lat' dir='ltr'>ut</span> <span class='ocrx_word' id='word_1_237' title='bbox 1011 1140 1131 1166; x_wconf 78' lang='lat' dir='ltr'>opinabatur,</span> 
     </span>
     <span class='ocr_line' id='line_1_28' title="bbox 372 1170 1132 1198; baseline 0.003 -9"><span class='ocrx_word' id='word_1_238' title='bbox 372 1170 447 1190; x_wconf 84' lang='lat' dir='ltr'>dissidio</span> <span class='ocrx_word' id='word_1_239' title='bbox 462 1173 481 1190; x_wconf 67' lang='lat' dir='ltr'>et</span> <span class='ocrx_word' id='word_1_240' title='bbox 495 1170 610 1190; x_wconf 73' lang='lat' dir='ltr'>simulatione</span> <span class='ocrx_word' id='word_1_241' title='bbox 625 1174 732 1197; x_wconf 80' lang='lat' dir='ltr'>magnatum</span> <span class='ocrx_word' id='word_1_242' title='bbox 747 1172 806 1197; x_wconf 88' lang='lat' dir='ltr'>sopita</span> <span class='ocrx_word' id='word_1_243' title='bbox 821 1172 903 1192; x_wconf 82' lang='lat' dir='ltr'>securius</span> <span class='ocrx_word' id='word_1_244' title='bbox 919 1172 987 1198; x_wconf 86' lang='lat' dir='ltr'>ubique</span> <span class='ocrx_word' id='word_1_245' title='bbox 1001 1179 1034 1198; x_wconf 88' lang='lat' dir='ltr'>per</span> <span class='ocrx_word' id='word_1_246' title='bbox 1049 1172 1132 1198; x_wconf 79' lang='lat' dir='ltr'>Belgium</span> 
     </span>
     <span class='ocr_line' id='line_1_29' title="bbox 371 1202 1132 1230; baseline 0.003 -9"><span class='ocrx_word' id='word_1_247' title='bbox 371 1205 453 1221; x_wconf 84' lang='lat' dir='ltr'>sanctam</span> <span class='ocrx_word' id='word_1_248' title='bbox 470 1202 614 1228; x_wconf 75' lang='lat' dir='ltr'>catholicamque</span> <span class='ocrx_word' id='word_1_249' title='bbox 628 1203 737 1229; x_wconf 79' lang='lat' dir='ltr'>religionem</span> <span class='ocrx_word' id='word_1_250' title='bbox 749 1204 803 1229; x_wconf 85' lang='lat' dir='ltr'>jubet</span> <span class='ocrx_word' id='word_1_251' title='bbox 820 1204 900 1227; x_wconf 84' lang='lat' dir='ltr'>servari,</span> <span class='ocrx_word' id='word_1_252' title='bbox 917 1204 1016 1224; x_wconf 79' lang='lat' dir='ltr'>catholicos</span> <span class='ocrx_word' id='word_1_253' title='bbox 1031 1210 1104 1230; x_wconf 86' lang='lat' dir='ltr'>quoque</span> <span class='ocrx_word' id='word_1_254' title='bbox 1121 1205 1132 1223; x_wconf 78' lang='lat' dir='ltr'>e</span> 
     </span>
     <span class='ocr_line' id='line_1_30' title="bbox 370 1233 1131 1261; baseline 0.005 -9"><span class='ocrx_word' id='word_1_255' title='bbox 370 1234 465 1253; x_wconf 74' lang='lat' dir='ltr'>Britannia</span> <span class='ocrx_word' id='word_1_256' title='bbox 477 1233 508 1253; x_wconf 85' lang='lat' dir='ltr'>hic</span> <span class='ocrx_word' id='word_1_257' title='bbox 518 1234 580 1254; x_wconf 80' lang='lat' dir='ltr'>exules</span> <span class='ocrx_word' id='word_1_258' title='bbox 592 1234 672 1261; x_wconf 77' lang='lat' dir='ltr'>benigne</span> <span class='ocrx_word' id='word_1_259' title='bbox 680 1236 794 1255; x_wconf 67' lang='lat' dir='ltr'>sustentabat</span> <span class='ocrx_word' id='word_1_260' title='bbox 808 1237 869 1256; x_wconf 85' lang='lat' dir='ltr'>multis</span> <span class='ocrx_word' id='word_1_261' title='bbox 880 1243 980 1256; x_wconf 85' lang='lat' dir='ltr'>aureorum</span> <span class='ocrx_word' id='word_1_262' title='bbox 990 1236 1070 1256; x_wconf 86' lang='lat' dir='ltr'>millibus</span> <span class='ocrx_word' id='word_1_263' title='bbox 1083 1237 1131 1256; x_wconf 76' lang='lat' dir='ltr'>inter</span> 
     </span>
     <span class='ocr_line' id='line_1_31' title="bbox 369 1266 1131 1294; baseline 0.001 -9"><span class='ocrx_word' id='word_1_264' title='bbox 369 1272 401 1285; x_wconf 88' lang='lat' dir='ltr'>eos</span> <span class='ocrx_word' id='word_1_265' title='bbox 415 1266 485 1285; x_wconf 84' lang='lat' dir='ltr'>divisis.</span> <span class='ocrx_word' id='word_1_266' title='bbox 501 1266 561 1286; x_wconf 82' lang='lat' dir='ltr'>Missis</span> <span class='ocrx_word' id='word_1_267' title='bbox 576 1267 638 1293; x_wconf 88' lang='lat' dir='ltr'>itaque</span> <span class='ocrx_word' id='word_1_268' title='bbox 654 1267 679 1286; x_wconf 89' lang='lat' dir='ltr'>ad</span> <span class='ocrx_word' id='word_1_269' title='bbox 693 1268 789 1294; x_wconf 79' lang='lat' dir='ltr'>episcopos</span> <span class='ocrx_word' id='word_1_270' title='bbox 806 1271 824 1287; x_wconf 83' lang='lat' dir='ltr'>et</span> <span class='ocrx_word' id='word_1_271' title='bbox 840 1268 958 1294; x_wconf 79' lang='lat' dir='ltr'>magistratus</span> <span class='ocrx_word' id='word_1_272' title='bbox 974 1268 1040 1288; x_wconf 81' lang='lat' dir='ltr'>litteris</span> <span class='ocrx_word' id='word_1_273' title='bbox 1056 1268 1131 1288; x_wconf 75' lang='lat' dir='ltr'>strenue</span> 
     </span>
     <span class='ocr_line' id='line_1_32' title="bbox 368 1297 1133 1326; baseline 0.003 -9"><span class='ocrx_word' id='word_1_274' title='bbox 368 1297 512 1324; x_wconf 79' lang='lat' dir='ltr'>advigilabatur,</span> <span class='ocrx_word' id='word_1_275' title='bbox 527 1298 573 1318; x_wconf 71' lang='lat' dir='ltr'>adeo</span> <span class='ocrx_word' id='word_1_276' title='bbox 585 1302 607 1318; x_wconf 80' lang='lat' dir='ltr'>ut</span> <span class='ocrx_word' id='word_1_277' title='bbox 618 1299 715 1325; x_wconf 79' lang='lat' dir='ltr'>ergastulis</span> <span class='ocrx_word' id='word_1_278' title='bbox 726 1300 865 1319; x_wconf 85' lang='lat' dir='ltr'>includerentur</span> <span class='ocrx_word' id='word_1_279' title='bbox 876 1302 895 1319; x_wconf 81' lang='lat' dir='ltr'>et</span> <span class='ocrx_word' id='word_1_280' title='bbox 903 1299 967 1319; x_wconf 88' lang='lat' dir='ltr'>ultimo</span> <span class='ocrx_word' id='word_1_281' title='bbox 980 1300 1069 1326; x_wconf 84' lang='lat' dir='ltr'>supplicio</span> <span class='ocrx_word' id='word_1_282' title='bbox 1081 1299 1133 1325; x_wconf 83' lang='lat' dir='ltr'>plec-</span> 
     </span>
    </p>
   </div>
  </div>
 </body>
</html>
