1327 1704
748 259 784 279 1252

380 293 434 318 quam
450 291 551 312 nationalia
564 291 644 311 decretis
659 292 725 311 contra
739 298 781 311 eam
793 291 856 315 editis,
869 290 930 317 plenoe
942 297 1058 311 summorum
1070 290 1148 317 pontifl-

381 330 423 344 curn
431 324 573 348 instructiones,
582 323 632 349 pleni
641 324 674 343 SS.
684 324 719 344 PP.
729 326 748 343 et
756 323 868 349 scriptorum
878 322 931 348 libri,
944 323 1039 343 ebrietatis
1049 326 1069 343 et
1077 324 1146 343 intem-

381 356 470 381 perantiae
487 355 648 380 detestationibus,
666 355 734 382 quibus
749 355 836 375 omnihus
852 355 971 375 recensendis
989 362 1025 375 nec
1044 356 1093 380 dies,
1111 362 1146 375 nec

381 388 450 407 mensis
466 387 564 407 sufficeret.
582 398 606 403 —
621 388 682 407 Pauca
700 388 796 407 dumtaxat
812 387 921 407 recensebo.
938 398 964 402 —-
978 387 1024 407 Can.
1042 388 1104 414 itaque
1121 387 1146 407 42

381 420 507 446 apostolorum
515 419 601 439 statuitur
608 420 627 439 in
634 420 684 439 bunc
692 419 777 440 modum:
787 420 897 445 Episcopus,
904 419 1003 446 presbyter
1009 423 1041 440 aut
1049 420 1145 444 diaeonus,

381 453 426 472 aleae
445 455 501 478 atque
520 451 606 471 ebrietati
624 452 732 472 deserviens
748 455 780 471 aut
796 452 877 476 desinat,
894 455 926 471 aut
945 453 997 472 eei-te
1015 453 1146 472 communione

382 486 473 511 privetur.
491 485 514 504 Et
532 490 556 504 ne
574 484 653 504 fortasse
670 484 821 510 intemperantia,
839 484 931 510 episcopis
948 485 1053 510 dumtaxat,
1072 488 1105 504 aut
1124 485 1146 504 iis

382 518 413 543 qui
423 516 524 543 majoribus
535 516 601 536 initiati
613 519 657 536 aunt
668 516 765 536 ordinibus
775 516 869 542 prohibita
879 519 964 542 putetur,
975 517 1021 537 Can.
1035 517 1069 541 45,
1079 517 1146 536 imme-

382 550 431 569 diate
445 549 530 575 sequenti
544 548 564 568 in
578 548 676 568 inferiores
688 548 754 568 eadem
767 555 821 575 poena
832 549 949 569 decernitur:
963 549 1101 574 Subdiaennus,
1113 552 1146 568 aut

381 582 448 606 lector,
464 585 496 601 aut
512 584 577 601 cantor
594 581 660 601 similia
674 581 752 606 faciens,
768 584 800 601 aut
816 581 898 606 desinat,
916 585 948 602 aut
962 582 1092 602 commuuione
1105 582 1146 608 pri-

382 618 444 634 vetur:
458 614 490 640 qui
503 620 563 634 canon
575 613 642 633 concil.
654 613 677 638 6,
690 620 707 633 e.
722 613 747 633 50
759 614 856 640 repetitur.
869 614 899 634 Ad
911 614 951 634 haec
963 615 987 634 D.
1001 614 1085 634 Clemens
1096 614 1109 633 1.
1123 614 1144 638 8,

381 653 398 666 e.
413 648 447 670 Μ,
459 646 611 666 constitutionum
623 645 777 672 apostolicarum,
790 646 817 665 sie
830 646 920 672 loquitur:
934 646 983 666 Dicit
995 647 1095 673 scriptura:
1109 646 1146 672 dy-

381 682 439 699 nastae
450 678 534 699 iracundi
546 681 599 702 sunt,
613 678 677 698 vinum
688 678 734 697 verb
746 684 785 697 non
796 678 869 703 bibant,
881 684 906 698 ne
916 684 959 698 cum
970 678 1060 703 biberint,
1069 678 1146 698 oblivis-

381 715 448 731 cantur
460 711 555 737 sapientiae
563 714 582 730 et
590 711 642 731 recto
648 711 733 736 judicare
741 717 779 730 non
788 711 865 736 possint.
874 711 981 737 Presbyteri
990 711 1035 737 ergo
1043 714 1063 731 et
1070 711 1143 731 diaconi

381 747 423 769 post
435 744 494 763 Deum
503 743 649 768 omnipotentem
657 745 677 762 et
684 742 771 763 dilectum
782 743 840 763 filium
851 743 901 769 ejus,
912 746 956 763 suut
964 743 1047 769 dynastae
1055 743 1143 763 ecclesioe.

380 776 434 800 Quod
443 776 485 795 ided
493 782 531 795 nou
540 776 627 799 dicimus,
636 775 671 799 ait,
680 781 704 795 ne
712 775 778 795 bibant
785 775 859 800 vinum,
868 782 911 795 nam
925 776 1037 795 contumelia
1049 776 1145 796 afficerent

380 809 430 835 quod
443 810 455 828 a
467 809 506 827 Deo
519 811 602 828 creatum
613 810 641 828 est
655 808 675 827 in
689 808 779 828 laetitiam:
793 808 827 828 sed
839 814 864 828 ne
875 808 982 828 vinolentiae
995 809 1088 828 studeant.
1102 809 1144 828 Non

380 841 430 861 enim
443 841 490 861 dixit
502 841 601 866 scriptura:
617 841 643 860 Ne
655 840 709 860 bibas
721 841 795 865 vinum3
807 841 841 861 sed
855 841 911 861 dixit:
928 841 988 861 Nolite
1000 841 1065 861 bibere
1079 841 1143 861 vinum

380 874 404 893 ad
417 874 531 893 ebrietatem.
544 873 639 892 Invoivam
651 873 681 892 bie
692 872 764 893 silentio
776 874 827 900 quod
837 874 856 893 in
867 874 949 894 conciliis
958 874 1045 900 Agatensi
1055 880 1097 894 mn.
1109 874 1143 898 fl,

379 907 477 930 Venetiam,
494 906 616 931 Forojuliensi
630 912 647 925 e.
663 906 685 929 6.
701 906 804 925 Turonensi
822 912 838 925 c.
857 906 879 930 3,
894 906 928 930 ⁴8,
943 906 1059 926 Cabilonensi
1075 913 1092 925 c.
1110 906 1142 930 ¹0,

380 939 525 964 Aquisgranensi
540 945 556 958 e.
573 939 606 962 24,
622 939 737 963 Trevirensi,
756 938 834 964 aliisque
851 938 935 964 plurimis
952 939 1017 958 contra
1033 938 1143 958 ebrietatem

381 975 400 990 et
412 972 574 997 intemperantiam
586 971 696 991 clericorum
711 971 786 990 decreta
799 974 848 991 sunt.
864 971 910 991 illud
925 971 1005 991 reseram
1017 971 1068 997 quud
1080 971 1144 990 conci-

381 1004 425 1023 {ium
440 1004 563 1023 Lateranense
574 1003 661 1029 generale
676 1003 711 1022 sub
724 1003 833 1023 Innocentio
847 1004 883 1028 ΙΙΙ,
898 1007 985 1024 constans
997 1003 1081 1030 patribus
1094 1003 1143 1023 mille

381 1036 476 1059 trecentis,
492 1042 508 1055 c.
526 1036 558 1059 ¹5,
574 1036 637 1055 statuit
652 1036 671 1055 in
687 1035 726 1055 haec
740 1035 807 1055 verba:
824 1036 839 1055 A
853 1036 929 1062 crapula
943 1039 962 1056 et
976 1036 1066 1056 ebrietate
1078 1042 1143 1055 omnes

379 1068 441 1087 clerici
458 1068 556 1093 diligenter
570 1068 682 1087 abstineant.
698 1068 752 1087 Unde
766 1068 831 1088 vinum
845 1068 880 1088 sibi
895 1072 1010 1095 temperent,
1024 1071 1043 1088 et
1056 1075 1076 1088 se
1090 1068 1141 1088 vino.

380 1102 417 1120 Nee
429 1101 454 1120 ad
467 1101 567 1120 bibendum
579 1101 669 1126 quispiam
683 1101 780 1124 incitam-3
793 1102 850 1126 quum
863 1101 944 1120 ebrietas
956 1104 975 1120 et
987 1101 1054 1120 mentis
1066 1101 1143 1120 inducat

380 1133 455 1152 exilium
468 1136 487 1152 et
497 1133 578 1152 libidinis
587 1137 676 1158 provocet
685 1133 805 1153 incentivum.
815 1133 869 1152 Unde
878 1133 929 1153 illum
937 1134 1015 1153 abusum
1024 1132 1142 1152 decernimus

380 1165 453 1190 penitus
466 1165 588 1189 abolendum,
604 1172 641 1191 quo
657 1166 675 1185 in
691 1165 801 1191 quibusdum
815 1166 898 1192 partibus
912 1166 936 1185 ad
949 1169 1003 1192 potus
1016 1165 1095 1191 {equales
1108 1171 1142 1184 suo

380 1197 436 1217 modo
442 1204 462 1216 se
469 1197 552 1223 obligant
560 1201 663 1224 potatorem
671 1202 690 1218 et
699 1198 728 1217 ille
735 1198 805 1224 judicio
813 1198 877 1217 talium
886 1198 927 1224 plus
935 1198 1030 1222 landatur,
1039 1197 1071 1223 qui
1080 1197 1142 1223 plures

380 1229 469 1253 inebriat,
483 1233 502 1248 et
517 1230 582 1249 calices
597 1231 719 1250 faeeundiorcs
732 1230 824 1249 exhaurit.
834 1231 853 1249 Si
866 1231 908 1256 quis
920 1233 982 1250 autem
994 1236 1050 1256 super
1063 1230 1092 1249 his
1104 1229 1144 1249 cul-

379 1261 459 1288 pabilem
476 1268 496 1281 se
511 1262 624 1287 exhibuerit,
640 1263 675 1282 nisi
691 1264 702 1282 a
717 1263 814 1288 superiore
829 1263 952 1282 commonitus
970 1262 1078 1282 satisfecerit
1092 1268 1144 1282 oom-

379 1297 473 1319 pctenter,
489 1295 500 1314 a
515 1294 605 1314 beneficio
621 1295 649 1314 vel
665 1295 724 1314 officio
739 1295 869 1321 suspendatur.
