1327 1704
745 249 781 268 ¹58

378 287 422 304 sunt
432 284 585 303 ministraverunt
596 288 662 302 manus
674 282 720 301 istae.
734 280 802 300 Omnia
812 280 885 300 ostendi
899 280 961 304 vobIS,
974 280 1062 306 quoniam
1075 281 1102 300 sic
1117 281 1145 300 la-

378 315 467 334 borantes
480 316 554 339 oportet
567 313 662 339 suscipere
677 312 761 332 infirmos
775 319 798 332 ae
812 313 918 332 meminisse
933 313 986 332 verbi
1001 313 1075 332 Domini
1089 314 1143 337 Jaeu,

378 346 466 373 quoniam
475 345 515 371 ipse
524 345 579 364 dixit:
587 345 661 364 Bestius
670 347 698 364 est
703 346 762 370 magis
768 344 814 364 dare
821 345 876 370 quam
883 344 974 370 accipere.
982 344 1053 368 Quibus
1059 344 1145 364 omnihus

378 379 428 399 haud
441 378 498 398 dubie.
506 384 530 398 ex
538 378 621 398 moribus
629 378 699 397 nostris
707 377 802 397 sordidam
810 376 904 402 extirpare
912 376 971 396 voluit
979 377 1086 401 avaritiam,
1095 377 1146 403 quod

379 415 398 432 et
406 412 450 432 alibi
459 412 563 438 generatim
576 410 678 430 oonabatur
690 410 754 429 dioens
762 409 786 428 ad
795 408 841 428 Heb.
852 409 886 433 ¹5,
898 409 939 429 Sint
947 415 1009 429 mores
1019 410 1060 429 sine
1068 410 1146 430 avaritia

379 444 462 464 contenti
474 442 606 469 praesentibus,
620 443 660 468 ipse
673 441 723 461 enim
735 441 790 461 dixit:
803 441 845 461 Non
857 444 875 460 te
885 441 979 466 deseram,
991 448 1052 468 neque
1063 442 1146 462 derelin—

379 483 435 503 quam
450 479 469 496 et
484 477 549 495 rursus
564 475 614 495 alibi.
630 475 662 494 Est
676 476 752 500 questus
766 478 856 499 magnus,
871 473 930 498 pietas
945 479 987 492 cum
1002 473 1116 493 sufficientia.

405 508 514 528 Proximum
527 510 555 527 est
566 509 586 526 et
594 507 614 526 2⁰
623 506 750 532 praescribitur
762 505 786 525 ab
797 505 890 531 apostolo,
899 508 920 525 ut
928 506 1016 525 universo
1024 506 1076 532 gregi
1085 509 1146 526 atten-

380 541 455 564 damus,
469 540 488 559 id
502 542 539 563 est,
552 545 591 559 non
603 542 675 565 partem
684 538 754 564 gregis,
764 537 798 557 sed
806 536 915 556 universum
923 543 1017 557 curemus:
1027 544 1066 557 non
1075 537 1146 557 nobiles

380 573 441 593 solnm
456 579 478 592 ac
494 573 570 597 divites,
587 572 621 592 sed
636 571 726 598 ignobiles
740 577 762 590 ae
776 575 868 596 pauperes
882 569 969 590 mulieres
983 571 1036 596 atqu&
1050 577 1072 590 ac
1086 570 1146 594 viros,

380 612 445 625 servos
458 608 477 625 et
489 605 575 629 ancillas,
591 605 617 624 uti
633 604 683 630 ipsos
697 603 793 625 dominus,
808 601 887 621 scientes
901 602 994 622 Christum
1010 609 1033 622 ex
1045 609 1098 629 aequo
1112 609 1147 629 pro

380 636 467 657 omnibus
479 636 589 662 sanguinem
601 641 654 655 suum
668 634 772 661 profudisse
785 636 805 653 et·
817 634 898 653 unimam
909 640 961 654 suam
975 635 1066 660 posuisse,
1076 642 1148 661 nosque

381 675 423 688 eum
440 668 524 694 apostolo
539 668 653 694 sapientibus
670 671 689 687 et
705 666 835 692 insipientibus
850 665 945 685 debitores
959 672 1009 691 esse,
1024 666 1148 692 omnibusque

382 701 445 721 omnia
456 700 498 720 fieri
509 700 587 725 debere,
597 703 618 720 ut
625 706 691 720 omnes
701 699 843 719 lucrifaciamus,
852 699 911 718 Porro
924 702 946 718 ut
958 705 1004 725 grex
1016 699 1081 719 melius
1093 706 1148 719 eure-

383 736 414 753 tur
426 733 483 753 tertio
493 739 590 753 necessum
602 736 638 757 est,
652 736 673 752 ut
686 735 769 759 pastores
782 733 884 757 agnoscant
895 731 968 750 vultum
978 731 1051 757 peeoris
1064 731 1092 750 sui
1105 738 1149 756 gre-

383 771 453 791 gesque
471 771 515 785 suos
534 765 653 785 considerent
671 765 736 790 (Ρι-ον,
754 764 788 789 27)
808 763 843 782 hoc
859 766 898 787 est,
914 766 934 782 ut
950 769 1063 789 cognoscere
1079 763 1149 782 nitatur

383 799 461 821 statum,
476 797 580 822 ingenium,
596 803 667 821 mores,
682 796 767 820 affectus,
784 796 845 815 studia
859 799 879 815 et
894 796 1018 821 proelivitates
1033 796 1105 822 populi,
1119 796 1148 816 eui

384 829 466 856 prmseeti
478 832 531 853 sunt,
544 832 565 848 ut
578 829 649 855 possint
662 830 718 855 quam
730 828 826 848 utilissime
840 828 860 847 in
874 828 940 847 eodem
953 828 1032 847 versari:
1048 829 1150 848 seeundum

384 867 465 887 namque
482 861 556 881 illorum
572 861 699 881 diversitatem
713 860 760 880 varii
777 866 851 886 quoque
868 860 969 880 adhibendi
987 864 1030 880 sunt
1046 862 1057 880 a
1074 864 1149 887 pastore

385 893 477 919 dirigendi
490 893 547 912 modi.
558 893 617 913 Aliter
625 899 706 919 namque
714 893 803 912 monendi
812 899 834 913 ac
842 893 934 913 tractandi
944 896 987 913 sunt
996 893 1088 918 infideles,
1098 894 1152 913 aliter

386 926 426 945 sani
441 928 460 945 et
475 925 542 951 integri
557 925 577 944 in
590 925 636 949 fide,
650 925 704 945 aliter
718 925 770 945 dubii
785 928 804 945 et
817 925 933 950 vacillantes,
946 926 1000 946 aliter
1013 926 1117 951 pertinaces
1130 933 1151 945 ae

387 958 484 978 obdurati:
495 957 549 977 aliter
559 959 624 978 rursus
633 958 725 977 tractandi
733 960 777 977 sunt
785 958 839 977 mites
848 961 867 977 et
875 958 964 982 humiles,
977 958 1055 984 placidi,
1068 958 1152 982 cnndidi;

387 991 441 1010 aliter
452 993 515 1010 autem
524 990 568 1015 seri,
578 990 631 1015 duri,
641 990 734 1017 protervi,
747 990 816 1014 inflati,
830 990 912 1016 superbi.
926 991 998 1010 Deinde
1010 992 1100 1016 quantum
1112 990 1154 1010 fieri

387 1024 459 1047 potest,
479 1021 591 1047 singularem
608 1022 692 1041 omnium
709 1022 817 1041 interiorem
835 1022 910 1046 faciem,
927 1029 968 1048 quas
987 1023 1098 1042 conscientia
1116 1026 1153 1047 est,

388 1053 453 1073 sedulo
463 1057 482 1073 et
491 1054 594 1080 prudenter
603 1055 752 1080 oontemplentur
761 1057 781 1074 et
788 1057 878 1078 tractent3
888 1053 950 1080 ibique
959 1054 1068 1080 perquirant
1076 1053 1154 1073 latentes

388 1085 465 1105 morbos
479 1088 535 1111 atque
549 1085 616 1106 idonea
630 1086 742 1112 paenitentiae
754 1086 837 1106 remedia
850 1085 885 1104 iliis
898 1085 999 1105 adhibeant
1013 1088 1032 1105 et
1046 1085 1154 1105 vulneribus

391 1120 516 1143 opportunam
530 1118 647 1138 medicinam.

416 1149 477 1169 Effera
491 1152 511 1169 et
524 1150 615 1170 indomita
630 1157 699 1176 peoora
713 1150 801 1176 paulatim
816 1150 970 1175 mansuefaeiant,
986 1157 1027 1177 quse
1040 1151 1085 1170 vero
1100 1157 1155 1175 sana,

392 1182 464 1208 placida
476 1186 496 1202 et
509 1187 605 1203 mansueta
617 1186 661 1203 sunt
673 1185 693 1203 in
704 1183 794 1206 sanitate,
805 1183 921 1209 integritate,
931 1183 1072 1203 mansuetudine
1081 1190 1103 1203 ac
1112 1183 1158 1202 obe-

393 1214 463 1233 dientia
477 1214 569 1239 retinere,
584 1222 606 1234 au
621 1215 712 1241 perficere
726 1215 820 1235 studeant.

418 1246 509 1270 Qum-tm
524 1247 578 1266 officii
594 1254 653 1273 genus
667 1248 691 1267 ad
706 1247 756 1273 quod
770 1250 855 1273 pastores
869 1247 922 1273 gregi
937 1247 1043 1274 obligantur
1057 1250 1095 1271 est,
1108 1247 1159 1266 illum

394 1283 477 1304 pascere.
487 1278 509 1298 ld
517 1278 567 1298 enim
575 1278 659 1299 Christus
667 1276 753 1299 domiuus
761 1280 782 1299 B.
792 1280 848 1299 Petro
856 1280 919 1306 gregis
928 1280 957 1300 sui
965 1283 1059 1306 pastorem
1067 1285 1160 1300 summum
