1327 1704
732 260 771 285 '156

371 297 455 323 gniorem
469 300 487 317 et
499 298 558 323 magis
572 297 636 317 utilem
651 297 670 317 in
684 298 835 317 exonerationem
847 297 1003 317 conscientiarum
1015 303 1091 316 suarum
1104 303 1124 316 as

371 335 444 348 sumere
457 332 545 349 tenentur
555 330 611 355 idque
619 330 643 349 do
652 330 739 350 mandato
747 330 795 349 sacri
803 329 876 349 concilii
884 329 988 348 Tridentini
996 329 1048 354 quod
1056 329 1089 348 SS.
1099 329 1134 353 24,

335 375 338 379 «
369 362 389 381 C.
398 362 416 385 1,
423 362 447 381 de
454 362 599 385 Refer-matione,
609 362 730 387 quaestionem
739 362 825 382 decidere
834 362 918 386 videtur⁷
928 368 969 387 quae
978 362 1027 381 inter
1036 361 1132 387 theologos

370 397 389 413 et
397 394 445 419 juris
454 394 537 413 canonici
547 394 617 420 peritos
625 394 691 420 agitari
700 394 779 414 solebat:
790 394 818 413 An
827 393 852 413 ad
859 393 939 413 officium
948 393 1040 419 pastorale
1049 397 1134 420 oporteat

370 426 485 452 digniorem,
495 433 519 446 an
528 428 575 446 veru
584 427 628 446 satis
639 427 663 446 sit
675 427 752 453 dignum
762 427 842 453 eligere?
853 427 884 446 sic
895 433 975 452 nemque
986 425 1085 446 concilium
1093 426 1136 445 Tri-

369 459 466 478 dentinum
478 459 568 485 loquitur:
579 460 636 479 Sacra
644 459 726 485 synodus
735 465 800 479 omnes
808 462 827 478 et
835 458 917 484 singulos
926 458 957 484 qui
966 458 990 478 ad
999 458 1136 484 promotionem

369 490 530 517 praeficiendorum
543 491 667 517 quodeunque
677 491 717 517 jus,
730 492 840 517 quacunque
855 491 936 514 ratione,
949 492 960 510 a
975 491 1019 510 sede
1035 491 1135 516 apostoliea

369 523 445 547 habent,
452 527 484 543 aut
490 523 557 549 alioqui
565 530 641 550 operam
649 530 702 543 suam
711 526 809 549 praestant,
820 523 905 543 hortatur
913 526 932 542 et
940 526 1004 542 monet
1012 526 1034 542 ut
1042 523 1134 548 imprimis

368 556 487 575 meminerint
494 556 540 575 nihil
546 562 566 575 se
572 556 633 582 quoad
640 556 674 575 Dei
681 556 760 582 gloriam
769 559 788 575 et
796 556 907 582 populorum
916 556 993 575 salutem
1002 555 1065 575 utilius
1073 555 1134 575 facere

368 594 431 613 posse,
447 589 503 614 quem
517 588 532 608 si
547 588 606 608 bonos
621 591 706 614 pastores
722 591 741 607 et
758 588 839 608 eeclesiae
855 587 981 613 gubernandae
997 587 1073 607 idoneos
1088 594 1134 613 pro-

368 626 444 640 movere
456 620 549 639 studeant.
561 620 680 640 Horrendum
693 621 743 646 quod
754 620 845 646 sequitur:
856 621 892 640 Eos
900 620 964 640 alienis
973 620 1132 640 communicantes

368 653 471 672 mortaliter
486 659 573 679 peceare,
590 653 626 672 nisi
643 659 690 679 quos
708 653 802 678 digniores
819 656 838 672 et
854 652 936 672 eeclesiae
953 653 1011 678 magis
1029 652 1083 672 utiles
1097 653 1132 678 ipsi

366 685 502 710 judicaverint,
514 691 552 704 non
566 685 641 710 quidem
653 685 739 711 precibus
752 685 781 704 vel
794 685 875 705 humano
885 685 960 709 affeetu,
969 688 1002 705 aut
1010 685 1131 705 ambientium

368 717 526 742 suggestionibus,
541 717 574 737 sed
587 724 652 737 eorum
665 717 781 743 exigentibus
795 717 866 737 meritis
880 717 949 743 praefiei
964 717 1063 743 diligenter
1077 723 1133 736 cura-

368 750 431 769 verint
444 753 480 769 etc.
492 750 559 769 Fateor
570 750 656 776 equidem
665 750 751 776 primitus
759 750 783 769 de
791 750 882 776 episeopis
890 749 1023 775 promovendis
1031 749 1051 768 id
1059 750 1069 768 a
1079 755 1131 768 sacro

367 782 445 802 concilio
458 782 561 802 institutum
576 789 624 802 esse:
641 783 692 808 atqui
705 782 782 802 dubium
797 788 835 802 non
849 785 878 801 est
892 782 937 808 quin
952 782 975 801 de
989 782 1069 807 praelatis
1083 782 1131 801 infe-

366 814 456 839 rioribus,
469 814 493 834 de
505 815 620 840 privatarum
632 814 713 834 eeclesiae
725 814 830 834 rectoribus
838 815 894 834 etiam
904 814 1022 840 intelligenda
1030 814 1061 833 sit:
1072 815 1130 840 quum

366 847 416 866 enim
430 847 450 866 in
465 850 553 873 utrosque
570 848 665 873 (quamvls
680 847 750 873 dispari
765 847 824 873 gradu
838 850 857 866 et
872 847 954 871 ratione)
969 846 1048 872 pastoris
1062 853 1131 866 nomen

366 882 467 905 competet,
479 879 544 899 eadem
557 879 612 898 etiem
625 879 673 899 ratio
684 879 764 905 eligendi
777 879 876 905 utrobique
888 879 980 898 servanda
990 882 1024 898 est.
1036 879 1076 898 Non
1087 879 1131 898 satis

366 912 411 937 ergo
424 915 452 931 est
466 912 490 931 ad
501 911 582 931 ecelesiae
595 912 683 935 salutem,
697 914 718 931 ut
731 911 812 937 episcopi
825 911 908 930 omnium
922 911 1024 936 dignissimi
1037 911 1084 935 sint¹
1099 911 1132 930 sed

365 943 483 969 dignissimos
498 947 517 962 et
529 944 609 963 maxime
621 943 698 963 idoneos
713 946 788 969 oportet
802 950 842 963 esse
857 943 907 968 illos,
921 950 967 969 quos
982 944 1001 963 in
1016 944 1130 963 consortium

366 979 385 995 et
399 976 479 995 nominis
494 979 513 995 et
527 976 582 995 officii
597 976 625 995 sui
640 976 750 995 adsciscunt.

390 1008 474 1028 Alterum
487 1008 537 1035 quod
549 1008 665 1034 praemissum
680 1009 766 1028 secundae
780 1009 869 1029 orationis
882 1010 930 1035 parti
944 1009 1029 1029 volebam
1042 1009 1078 1029 hoc
1092 1012 1129 1033 est,

366 1041 416 1067 quod
435 1041 482 1060 sieut
500 1041 559 1064 bono,
578 1040 637 1065 fideli,
657 1043 734 1060 strenuo
753 1048 774 1060 ac
791 1040 855 1061 zeloso'
870 1044 944 1067 pastore
961 1041 1007 1061 nihil
1024 1042 1131 1067 pretiosius,

366 1073 412 1093 nihil
429 1073 489 1093 car-ios
503 1076 523 1093 et
536 1073 568 1092 vix
585 1073 686 1099 quidquam
702 1073 771 1098 rarius7
789 1074 815 1093 ita
831 1074 887 1093 etiam
904 1073 992 1099 pastorali
1009 1073 1069 1093 officio
1086 1073 1132 1093 nihil

365 1106 484 1130 laboriosius,
499 1106 545 1125 nihil
563 1105 662 1130 difficilius,
676 1105 722 1125 nihil
737 1105 858 1131 periculosius
874 1105 961 1125 inveniri.
975 1105 1044 1124 Scribit
1056 1106 1132 1131 quidam

365 1138 395 1158 vir
410 1139 505 1158 eruditus:
523 1138 611 1157 Omnium
626 1145 690 1157 rerum
705 1138 869 1158 laboriosissimum
886 1141 914 1157 est
931 1137 1027 1157 animabus
1044 1144 1131 1164 praeesse.

366 1170 422 1195 Cujus
440 1170 468 1189 rei
487 1176 561 1189 eausam
579 1170 641 1189 reddit
662 1170 685 1189 D.
703 1171 814 1196 Gregorius,
834 1170 927 1196 iuquiens:
948 1170 1021 1189 Revera
1038 1170 1083 1189 mihi
1102 1171 1131 1189 vi-

366 1202 421 1221 detur
438 1208 469 1221 ars
488 1202 555 1221 artium
573 1207 622 1226 esse,
638 1204 657 1221 et
674 1202 770 1228 disciplina
785 1203 924 1228 disciplinarum
944 1203 1038 1222 hominem
1055 1209 1130 1228 regere3

366 1235 397 1260 qui
414 1235 465 1254 certe
481 1237 509 1254 est
524 1234 572 1254 inter
587 1240 652 1253 omnes
666 1234 769 1254 animantes
786 1238 805 1254 et
822 1234 904 1254 moribus
921 1235 984 1254 varius
1001 1238 1020 1254 et
1036 1234 1132 1254 voluntate

366 1266 456 1287 diversus.
473 1267 532 1286 Tanto
550 1269 612 1286 antem
629 1266 748 1291 laboriosior,
766 1267 857 1287 difficilior
874 1270 893 1287 et
910 1267 1030 1294 periculosior
1047 1270 1075 1287 est
1092 1267 1131 1287 haee

365 1300 471 1326 provincia,
487 1302 557 1326 quanto
568 1302 653 1325 tempora
667 1303 710 1319 sunt
725 1299 859 1326 deploratioru,
875 1300 914 1319 dies
927 1300 1001 1326 pejores
1014 1307 1036 1319 ae
1048 1300 1132 1319 homines
